<?xml version="1.0" encoding="UTF-8"?><collection xmlns="http://www.loc.gov/MARC21/slim"><record><leader>00400nam--2200157-i-4500</leader><controlfield tag="001">000047261</controlfield><controlfield tag="002">20161230</controlfield><controlfield tag="005">20161230201046</controlfield><controlfield tag="008">060222s1000------------r-----000-0-eng-d</controlfield><datafield ind1=" " ind2=" " tag="040"><subfield code="a">IFIN-HH</subfield></datafield><datafield ind1=" " ind2=" " tag="080"><subfield code="a">517</subfield></datafield><datafield ind1=" " ind2=" " tag="100"><subfield code="a">Wendroff, Burton</subfield></datafield><datafield ind1=" " ind2=" " tag="245"><subfield code="a">Theoretical numerical analysis</subfield></datafield><datafield ind1=" " ind2=" " tag="260"><subfield code="a">NEW YORK, ACADEMIC PRESS, 1966, XI + 239 p</subfield></datafield><datafield ind1=" " ind2=" " tag="852"><subfield code="a">27218</subfield><subfield code="c">518.12</subfield></datafield><datafield ind1=" " ind2=" " tag="CAT"><subfield code="a">Sys</subfield><subfield code="c">20090701</subfield><subfield code="h">080246</subfield></datafield></record></collection>